<?xml version="1.0" encoding="UTF-8"?><record xmlns="http://www.loc.gov/MARC21/slim" xmlns:cinclude="http://apache.org/cocoon/include/1.0" xmlns:zs="http://www.loc.gov/zing/srw/">
  <leader>00457cz  a2200121n  4500</leader>
  <controlfield tag="001">n  92083519 </controlfield>
  <controlfield tag="003">DLC</controlfield>
  <controlfield tag="005">19920828142246.0</controlfield>
  <controlfield tag="008">920819n| acannaab|          |n aaa |||  </controlfield>
  <datafield tag="010" ind1=" " ind2=" ">
    <subfield code="a">n  92083519 </subfield>
  </datafield>
  <datafield tag="040" ind1=" " ind2=" ">
    <subfield code="a">DLC</subfield>
    <subfield code="c">DLC</subfield>
    <subfield code="d">DLC</subfield>
  </datafield>
  <datafield tag="100" ind1="1" ind2="0">
    <subfield code="a">Dexter, Michael K.</subfield>
  </datafield>
  <datafield tag="670" ind1=" " ind2=" ">
    <subfield code="a">His Summary of the 1989 institutional short and long range plans ... 1990:</subfield>
    <subfield code="b">p. i (Michael K. Dexter; health economics specialist; Office of Health Systems Development, Rhode Island Dept. of Health)</subfield>
  </datafield>
</record>